@MISC{worldsOverview,
    author = {Griffin McElroy},
    title = {Becoming the very best: The Pokemon World Championships},
    month = jul,
    year = {2013},
    howpublished = {\url{https://www.polygon.com/2013/7/20/4539528/becoming-the-very-best-the-pokemon-world-championships}}
}
