@MISC{worldsOverview,
    author = {Griffin McElroy},
    title = {Becoming the very best: The Pokemon World Championships},
    month = jul,
    year = {2013},
    howpublished = {\url{https://www.polygon.com/2013/7/20/4539528/becoming-the-very-best-the-pokemon-world-championships}}
}

@inproceedings{hearthstoneAI,
  title={Evolutionary deckbuilding in hearthstone},
  author={Garc{\'\i}a-S{\'a}nchez, Pablo and Tonda, Alberto and Squillero, Giovanni and Mora, Antonio and Merelo, Juan J},
  booktitle={Computational Intelligence and Games (CIG), 2016 IEEE Conference on},
  pages={1--8},
  year={2016},
  organization={IEEE}
}
